@ARTICLE{bowman:reasoning,
	AUTHOR = "Mic Bowman and Saumya K. Debray and Larry L. Peterson",
	TITLE = "Reasoning About Naming Systems",
	JOURNAL = "ACM Trans. Program. Lang. Syst.",
	VOLUME = {15},
	NUMBER = {5},
	PAGES = {795-825},
	MONTH = "November",
	YEAR = {1993}	}

@ARTICLE{braams:babel,
	AUTHOR = "Johannes Braams",
	TITLE = "Babel, a Multilingual Style-Option System for Use with LaTeX's Standard Document Styles",
	JOURNAL = {TUGboat},
	VOLUME = {12},
	NUMBER = {2},
	PAGES = {291-301},
	MONTH = "June",
	YEAR = {1991}	}

@INPROCEEDINGS{clark:pct,
	AUTHOR = "Malcolm Clark",
	TITLE = "Post Congress Tristesse",
	BOOKTITLE = "TeX90 Conference Proceedings",
	PAGES = "84-89",
	ORGANIZATION = "TeX Users Group",
	MONTH = "March", 
	YEAR = {1991}	}

@ARTICLE{herlihy:methodology,
	AUTHOR = "Maurice Herlihy",
	TITLE = "A Methodology for Implementing Highly Concurrent
	Data Objects",
	JOURNAL = {ACM Trans. Program. Lang. Syst.},
	VOLUME = {15},
	NUMBER = {5},
	PAGES = {745-770},
	MONTH = "November",
	YEAR = {1993}	}

@BOOK{Lamport:LaTeX,
	AUTHOR = "Leslie Lamport",
	TITLE = "LaTeX User's Guide and Document Reference Manual",
	PUBLISHER = "Addison-Wesley Publishing Company",
	ADDRESS = "Reading, Massachusetts",
	YEAR = "1986"	}

@BOOK{salas:calculus,
	AUTHOR = "S.L. Salas and Einar Hille",
	TITLE = "Calculus: One and Several Variable",
	PUBLISHER = "John Wiley and Sons",
	ADDRESS = "New York",
	YEAR = "1978"	}

@article{deming1940least,
  title={On a least squares adjustment of a sampled frequency table when the expected marginal totals are known},
  author={Deming, W Edwards and Stephan, Frederick F},
  journal={The Annals of Mathematical Statistics},
  volume={11},
  number={4},
  pages={427--444},
  year={1940},
  publisher={JSTOR}
}

@book{bishop2007discrete,
  title={Discrete multivariate analysis: theory and practice},
  author={Bishop, Yvonne M and Fienberg, Stephen E and Holland, Paul W},
  year={2007},
  publisher={Springer Science \& Business Media}
}

@manual{ipfp,
  title={Iterative Proportional Fitting},
  organization={Alaska Department of Labor and Workforce Development},
  year={2009}
}

@inproceedings{kdd:beating-the-news,
	 author = {Ramakrishnan, Naren and Butler, Patrick and Muthiah, Sathappan and Self, Nathan and Khandpur, Rupinder and Saraf, Parang and Wang, Wei and Cadena, Jose and Vullikanti, Anil and Korkmaz, Gizem and Kuhlman, Chris and Marathe, Achla and Zhao, Liang and Hua, Ting and Chen, Feng and Lu, Chang Tien and Huang, Bert and Srinivasan, Aravind and Trinh, Khoa and Getoor, Lise and Katz, Graham and Doyle, Andy and Ackermann, Chris and Zavorin, Ilya and Ford, Jim and Summers, Kristen and Fayed, Youssef and Arredondo, Jaime and Gupta, Dipak and Mares, David},
	 title = {'Beating the News' with EMBERS: Forecasting Civil Unrest Using Open Source Indicators},
	 booktitle = {Proceedings of the 20th ACM SIGKDD International Conference on Knowledge Discovery and Data Mining},
	 series = {KDD '14},
	 year = {2014},
	 isbn = {978-1-4503-2956-9},
	 location = {New York, New York, USA},
	 pages = {1799--1808},
	 numpages = {10},
	 url = {http://doi.acm.org/10.1145/2623330.2623373},
	 doi = {10.1145/2623330.2623373},
	 acmid = {2623373},
	 publisher = {ACM},
	 address = {New York, NY, USA},
	 keywords = {civil unrest, event forecasting, open source indicators},
} 


